<record><leader>00000cas a22000007a 4500</leader><controlfield tag="001">27878595</controlfield><controlfield tag="008">930408d183u18uutnuwr ne      0    0eng d</controlfield><datafield ind1=" " ind2=" " tag="010"><subfield code="a">sn 93057082 </subfield></datafield><datafield ind1=" " ind2=" " tag="040"><subfield code="a">NVF</subfield><subfield code="b">eng</subfield><subfield code="c">NVF</subfield><subfield code="d">OCL</subfield><subfield code="d">OCLCQ</subfield><subfield code="d">OCLCF</subfield><subfield code="d">OCLCO</subfield></datafield><datafield ind1=" " ind2=" " tag="042"><subfield code="a">msc</subfield></datafield><datafield ind1=" " ind2=" " tag="043"><subfield code="a">n-us-tn</subfield></datafield><datafield ind1="0" ind2="0" tag="245"><subfield code="a">East Tennessean, and New Market Republican.</subfield></datafield><datafield ind1="3" ind2="0" tag="246"><subfield code="a">New Market Republican</subfield></datafield><datafield ind1=" " ind2=" " tag="260"><subfield code="a">New Market, Tenn. :</subfield><subfield code="b">J.F. Bunker &amp; J.P. Chase</subfield></datafield><datafield ind1=" " ind2=" " tag="300"><subfield code="a">v.</subfield></datafield><datafield ind1=" " ind2=" " tag="310"><subfield code="a">Weekly</subfield></datafield><datafield ind1=" " ind2=" " tag="588"><subfield code="a">Description based on: New ser., v. 3, no. 16 (Feb. 10, 1836).</subfield></datafield><datafield ind1=" " ind2="0" tag="651"><subfield code="a">New Market (Tenn.)</subfield><subfield code="v">Newspapers.</subfield></datafield><datafield ind1=" " ind2="7" tag="655"><subfield code="a">Newspapers.</subfield><subfield code="2">fast</subfield><subfield code="0">(OCoLC)fst01423814</subfield></datafield><datafield ind1=" " ind2="7" tag="651"><subfield code="a">Tennessee</subfield><subfield code="z">New Market.</subfield><subfield code="2">fast</subfield><subfield code="0">(OCoLC)fst01224324</subfield></datafield><datafield ind1=" " ind2=" " tag="752"><subfield code="a">United States</subfield><subfield code="b">Tennessee</subfield><subfield code="c">Jefferson</subfield><subfield code="d">New Market.</subfield></datafield></record>